<?xml version="1.0" encoding="UTF-8"?><record xmlns="http://www.loc.gov/MARC21/slim" xmlns:cinclude="http://apache.org/cocoon/include/1.0" xmlns:zs="http://www.loc.gov/zing/srw/">
  <leader>00452nz  a2200121n  4500</leader>
  <controlfield tag="001">n  88646682 </controlfield>
  <controlfield tag="003">DLC</controlfield>
  <controlfield tag="005">19880629102623.8</controlfield>
  <controlfield tag="008">880629n| acannaab|          |n aad |||  </controlfield>
  <datafield tag="010" ind1=" " ind2=" ">
    <subfield code="a">n  88646682 </subfield>
  </datafield>
  <datafield tag="040" ind1=" " ind2=" ">
    <subfield code="a">DLC</subfield>
    <subfield code="c">DLC</subfield>
  </datafield>
  <datafield tag="100" ind1="1" ind2="0">
    <subfield code="a">Deng, Chii-Shya Ma,</subfield>
    <subfield code="d">1945-</subfield>
  </datafield>
  <datafield tag="670" ind1=" " ind2=" ">
    <subfield code="a">nuc88-79301: Author's Development of controlled release dexamethasone-containing silicone rubber microspheres, 1976</subfield>
    <subfield code="b">(hdg. on GU rept.: Deng, Chii-Shya Ma, 1945- ; usage: Chii-Shya Ma Deng)</subfield>
  </datafield>
</record>